

@ARTICLE{Guillochon,
   author = {{Guillochon}, J. and {Parrent}, J. and {Kelley}, L.~Z. and {Margutti}, R.
    },
    title = "{An Open Catalog for Supernova Data}",
  journal = {\apj},
archivePrefix = "arXiv",
   eprint = {1605.01054},
 primaryClass = "astro-ph.SR",
 keywords = {catalogs, ISM: supernova remnants, supernovae: general},
     year = 2017,
    month = jan,
   volume = 835,
      eid = {64},
    pages = {64},
      doi = {10.3847/1538-4357/835/1/64},
   adsurl = {http://adsabs.harvard.edu/abs/2017ApJ...835...64G},
  adsnote = {Provided by the SAO/NASA Astrophysics Data System}
}
